
@electronic{1,
 title     = "Emgu CV: OpenCV libray for .NET platform, \\
 \emph{http://www.emgu.com/wiki/index.php/Main_Page}",
 url       = "http://www.emgu.com/wiki/index.php/Main_Page"
}


